@MISC{website:cslu-speech-enhancement,
      AUTHOR = "Dirk Van Compernolle",
      TITLE = "Speech Enhancement",
      YEAR = 1996,
      HOWPUBLISHED = "\url{http://cslu.cse.ogi.edu/HLTsurvey/ch10node5.html}"
}

@MISC{website:ehostus-speech-enhancement,
      HOWPUBLISHED = "\url{http://www.cs.tut.fi/sgn/arg/8003051/ehostus\_en.pdf}"
}

@MISC{website:cygres-psd,
      AUTHOR = "Cygnus Research International",
      TITLE = "Power Density Function",
      YEAR = 2005,
      MONTH = "July",
      HOWPUBLISHED = "\url{http://www.cygres.com/OcnPageE/Glosry/Spec.html}"
}

@UNPUBLISHED{ho-wiener,
   author = "Dominic K. C. Ho",
   title = "  SPEECH ENHANCEMENT: CONCEPT AND METHODOLOGY",
   note = "Lecture slides"
   }

@MISC{keiichi-speech-enhancement,
    author  = "Keiichi Funaki",
    title   = "Speech enhancement based on iterative Wiener filter using complex speech analysis",
    HOWPUBLISHED = "\url{http://www.eurasip.org/Proceedings/Eusipco/Eusipco2008/papers/1569105040.pdf}"
 
}